<?xml version="1.0" encoding="UTF-8"?><collection xmlns="http://www.loc.gov/MARC21/slim"><record><leader>00494nam--2200169-i-4500</leader><controlfield tag="001">000048386</controlfield><controlfield tag="002">20161230</controlfield><controlfield tag="005">20161230201047</controlfield><controlfield tag="008">060222s1000------------r-----000-0-eng-d</controlfield><datafield ind1=" " ind2=" " tag="040"><subfield code="a">IFIN-HH</subfield></datafield><datafield ind1=" " ind2=" " tag="080"><subfield code="a">539.125.5.162</subfield></datafield><datafield ind1="1" ind2=" " tag="100"><subfield code="a">Cornille, H</subfield></datafield><datafield ind1=" " ind2=" " tag="245"><subfield code="a">High energy bounds for helicity amplitudes of arbetrary spins and masses</subfield><subfield code="c">H. cornille, g. philippe</subfield></datafield><datafield ind1=" " ind2=" " tag="260"><subfield code="a">Orsay</subfield><subfield code="b">Institut De Physique Nucleaire</subfield><subfield code="c">1968</subfield></datafield><datafield ind1=" " ind2=" " tag="300"><subfield code="a">24P</subfield></datafield><datafield ind1=" " ind2=" " tag="852"><subfield code="a">28199</subfield><subfield code="c">539.12</subfield></datafield><datafield ind1=" " ind2=" " tag="CAT"><subfield code="a">Sys</subfield><subfield code="c">20111115</subfield><subfield code="h">160619</subfield></datafield></record></collection>